@article{chen2017reading,
  title={Reading wikipedia to answer open-domain questions},
  author={Chen, Danqi and Fisch, Adam and Weston, Jason and Bordes, Antoine},
  journal={arXiv preprint arXiv:1704.00051},
  year={2017}
}

@article{karpukhin2020dense,
  title={Dense passage retrieval for open-domain question answering},
  author={Karpukhin, Vladimir and O{\u{g}}uz, Barlas and Min, Sewon and Lewis, Patrick and Wu, Ledell and Edunov, Sergey and Chen, Danqi and Yih, Wen-tau},
  journal={arXiv preprint arXiv:2004.04906},
  year={2020}
}

@article{nogueira2019passage,
  title={Passage Re-ranking with BERT},
  author={Nogueira, Rodrigo and Cho, Kyunghyun},
  journal={arXiv preprint arXiv:1901.04085},
  year={2019}
}

@inproceedings{gao2021rethink,
  title={Rethink training of BERT rerankers in multi-stage retrieval pipeline},
  author={Gao, Luyu and Dai, Zhuyun and Callan, Jamie},
  booktitle={Advances in Information Retrieval: 43rd European Conference on IR Research, ECIR 2021, Virtual Event, March 28--April 1, 2021, Proceedings, Part II 43},
  pages={280--286},
  year={2021},
  organization={Springer}
}


@article{mao2021rider,
  title={RIDER: Reader-Guided Passage Reranking for Open-Domain Question Answering},
  author={Mao, Yuning and He, Pengcheng and Liu, Xiaodong and Shen, Yelong and Gao, Jianfeng and Han, Jiawei and Chen, Weizhu},
  journal={arXiv preprint arXiv:2101.00294},
  year={2021}
}

@article{kwiatkowski2019natural,
  title={Natural questions: a benchmark for question answering research},
  author={Kwiatkowski, Tom and Palomaki, Jennimaria and Redfield, Olivia and Collins, Michael and Parikh, Ankur and Alberti, Chris and Epstein, Danielle and Polosukhin, Illia and Devlin, Jacob and Lee, Kenton and others},
  journal={Transactions of the Association for Computational Linguistics},
  volume={7},
  pages={453--466},
  year={2019},
  publisher={MIT Press One Rogers Street, Cambridge, MA 02142-1209, USA journals-info~â€¦}
}

@article{joshi2017triviaqa,
  title={Triviaqa: A large scale distantly supervised challenge dataset for reading comprehension},
  author={Joshi, Mandar and Choi, Eunsol and Weld, Daniel S and Zettlemoyer, Luke},
  journal={arXiv preprint arXiv:1705.03551},
  year={2017}
}


@article{sachan2021end,
  title={End-to-end training of neural retrievers for open-domain question answering},
  author={Sachan, Devendra Singh and Patwary, Mostofa and Shoeybi, Mohammad and Kant, Neel and Ping, Wei and Hamilton, William L and Catanzaro, Bryan},
  journal={arXiv preprint arXiv:2101.00408},
  year={2021}
}


@article{sachan2022improving,
  title={Improving passage retrieval with zero-shot question generation},
  author={Sachan, Devendra Singh and Lewis, Mike and Joshi, Mandar and Aghajanyan, Armen and Yih, Wen-tau and Pineau, Joelle and Zettlemoyer, Luke},
  journal={arXiv preprint arXiv:2204.07496},
  year={2022}
}