//here is the introduction reference
@misc{devlin2019bert,
      title={BERT: Pre-training of Deep Bidirectional Transformers for Language Understanding}, 
      author={Jacob Devlin and Ming-Wei Chang and Kenton Lee and Kristina Toutanova},
      year={2019},
      eprint={1810.04805},
      archivePrefix={arXiv},
      primaryClass={cs.CL}
}

@misc{gao2021condenser,
      title={Condenser: a Pre-training Architecture for Dense Retrieval}, 
      author={Luyu Gao and Jamie Callan},
      year={2021},
      eprint={2104.08253},
      archivePrefix={arXiv},
      primaryClass={cs.CL}
}

@misc{izacard2022distilling,
      title={Distilling Knowledge from Reader to Retriever for Question Answering}, 
      author={Gautier Izacard and Edouard Grave},
      year={2022},
      eprint={2012.04584},
      archivePrefix={arXiv},
      primaryClass={cs.CL}
}

@misc{qu2021rocketqa,
      title={RocketQA: An Optimized Training Approach to Dense Passage Retrieval for Open-Domain Question Answering}, 
      author={Yingqi Qu and Yuchen Ding and Jing Liu and Kai Liu and Ruiyang Ren and Wayne Xin Zhao and Daxiang Dong and Hua Wu and Haifeng Wang},
      year={2021},
      eprint={2010.08191},
      archivePrefix={arXiv},
      primaryClass={cs.CL}
}

@misc{mao2021generationaugmented,
      title={Generation-Augmented Retrieval for Open-domain Question Answering}, 
      author={Yuning Mao and Pengcheng He and Xiaodong Liu and Yelong Shen and Jianfeng Gao and Jiawei Han and Weizhu Chen},
      year={2021},
      eprint={2009.08553},
      archivePrefix={arXiv},
      primaryClass={cs.CL}
}

@inproceedings{Dai_2019, series={SIGIR ’19},
   title={Deeper Text Understanding for IR with Contextual Neural Language Modeling},
   url={http://dx.doi.org/10.1145/3331184.3331303},
   DOI={10.1145/3331184.3331303},
   booktitle={Proceedings of the 42nd International ACM SIGIR Conference on Research and Development in Information Retrieval},
   publisher={ACM},
   author={Dai, Zhuyun and Callan, Jamie},
   year={2019},
   month=jul, collection={SIGIR ’19} }


@article{Robertson2009ThePR,
  title={The Probabilistic Relevance Framework: BM25 and Beyond},
  author={Stephen E. Robertson and Hugo Zaragoza},
  journal={Found. Trends Inf. Retr.},
  year={2009},
  volume={3},
  pages={333-389},
  url={https://api.semanticscholar.org/CorpusID:207178704}
}

@article{chen2017reading,
  title={Reading wikipedia to answer open-domain questions},
  author={Chen, Danqi and Fisch, Adam and Weston, Jason and Bordes, Antoine},
  journal={arXiv preprint arXiv:1704.00051},
  year={2017}
}

@article{karpukhin2020dense,
  title={Dense passage retrieval for open-domain question answering},
  author={Karpukhin, Vladimir and O{\u{g}}uz, Barlas and Min, Sewon and Lewis, Patrick and Wu, Ledell and Edunov, Sergey and Chen, Danqi and Yih, Wen-tau},
  journal={arXiv preprint arXiv:2004.04906},
  year={2020}
}

@article{nogueira2019passage,
  title={Passage Re-ranking with BERT},
  author={Nogueira, Rodrigo and Cho, Kyunghyun},
  journal={arXiv preprint arXiv:1901.04085},
  year={2019}
}

@inproceedings{gao2021rethink,
  title={Rethink training of BERT rerankers in multi-stage retrieval pipeline},
  author={Gao, Luyu and Dai, Zhuyun and Callan, Jamie},
  booktitle={Advances in Information Retrieval: 43rd European Conference on IR Research, ECIR 2021, Virtual Event, March 28--April 1, 2021, Proceedings, Part II 43},
  pages={280--286},
  year={2021},
  organization={Springer}
}


@article{mao2021rider,
  title={RIDER: Reader-Guided Passage Reranking for Open-Domain Question Answering},
  author={Mao, Yuning and He, Pengcheng and Liu, Xiaodong and Shen, Yelong and Gao, Jianfeng and Han, Jiawei and Chen, Weizhu},
  journal={arXiv preprint arXiv:2101.00294},
  year={2021}
}

@article{kwiatkowski2019natural,
  title={Natural questions: a benchmark for question answering research},
  author={Kwiatkowski, Tom and Palomaki, Jennimaria and Redfield, Olivia and Collins, Michael and Parikh, Ankur and Alberti, Chris and Epstein, Danielle and Polosukhin, Illia and Devlin, Jacob and Lee, Kenton and others},
  journal={Transactions of the Association for Computational Linguistics},
  volume={7},
  pages={453--466},
  year={2019},
  publisher={MIT Press One Rogers Street, Cambridge, MA 02142-1209, USA journals-info~…}
}

@article{joshi2017triviaqa,
  title={Triviaqa: A large scale distantly supervised challenge dataset for reading comprehension},
  author={Joshi, Mandar and Choi, Eunsol and Weld, Daniel S and Zettlemoyer, Luke},
  journal={arXiv preprint arXiv:1705.03551},
  year={2017}
}


@article{sachan2021end,
  title={End-to-end training of neural retrievers for open-domain question answering},
  author={Sachan, Devendra Singh and Patwary, Mostofa and Shoeybi, Mohammad and Kant, Neel and Ping, Wei and Hamilton, William L and Catanzaro, Bryan},
  journal={arXiv preprint arXiv:2101.00408},
  year={2021}
}


@article{sachan2022improving,
  title={Improving passage retrieval with zero-shot question generation},
  author={Sachan, Devendra Singh and Lewis, Mike and Joshi, Mandar and Aghajanyan, Armen and Yih, Wen-tau and Pineau, Joelle and Zettlemoyer, Luke},
  journal={arXiv preprint arXiv:2204.07496},
  year={2022}
}



//here is the relatework reference

@article{robertson2009probabilistic,
  title={The probabilistic relevance framework: BM25 and beyond},
  author={Robertson, Stephen and Zaragoza, Hugo and others},
  journal={Foundations and Trends{\textregistered} in Information Retrieval},
  volume={3},
  number={4},
  pages={333--389},
  year={2009},
  publisher={Now Publishers, Inc.}
}

@article{chuang2023expand,
  title={Expand, Rerank, and Retrieve: Query Reranking for Open-Domain Question Answering},
  author={Chuang, Yung-Sung and Fang, Wei and Li, Shang-Wen and Yih, Wen-tau and Glass, James},
  journal={arXiv preprint arXiv:2305.17080},
  year={2023}
}

@article{izacard2020leveraging,
  title={Leveraging passage retrieval with generative models for open domain question answering},
  author={Izacard, Gautier and Grave, Edouard},
  journal={arXiv preprint arXiv:2007.01282},
  year={2020}
}

@article{lewis2020retrieval,
  title={Retrieval-augmented generation for knowledge-intensive nlp tasks},
  author={Lewis, Patrick and Perez, Ethan and Piktus, Aleksandra and Petroni, Fabio and Karpukhin, Vladimir and Goyal, Naman and K{\"u}ttler, Heinrich and Lewis, Mike and Yih, Wen-tau and Rockt{\"a}schel, Tim and others},
  journal={Advances in Neural Information Processing Systems},
  volume={33},
  pages={9459--9474},
  year={2020}
}